% This file was created with JabRef 2.9.2.
% Encoding: UTF8

@MISC{Apple14,
  author = {Apple},
  title = {iOS 7 Style Guide},
  howpublished = {Website},
  year = {2014},
  owner = {moellers},
  timestamp = {2014.03.16},
  url = {https://developer.apple.com/library/ios/documentation/userexperience/conceptual/mobilehig/},
  urldate = {16.03.2014 um 14:35 Uhr}
}

@MISC{Bain12,
  author = {Bain},
  title = {Retail Banking: Die digitale Herausforderung},
  month = {8},
  year = {2012},
  owner = {Michael},
  timestamp = {2014.03.16},
  url = {http://www.bain.de/Images/Retail\_Banking\_II\_Digitalisierung\_ES.pdf}
}

@MISC{Git14,
  author = {Git},
  title = {Git},
  howpublished = {Website},
  year = {2014},
  owner = {moellers},
  timestamp = {2014.03.16},
  url = {http://git-scm.com/},
  urldate = {23.02.2014 um 17:55 Uhr}
}

@MISC{GitHub14,
  author = {GitHub},
  title = {GitHub Web Presence},
  howpublished = {Website},
  year = {2014},
  owner = {moellers},
  timestamp = {2014.03.16},
  url = {https://github.com/},
  urldate = {23.02.2014 um 17:55 Uhr}
}

@BOOK{Institute08,
  title = {A Guide to the Project Management Body of Knowledge},
  year = {2008},
  author = {Projekt Management Institute},
  pages = {589},
  address = {Newton Square},
  edition = {Fifth Edition},
  owner = {moellers},
  timestamp = {2014.03.16}
}

@MISC{Welt14,
  author = {Welt},
  title = {Das ist ein Sterben auf Rate"},
  howpublished = {Website},
  year = {2014},
  owner = {Michael},
  timestamp = {2014.03.16},
  url = {http://www.welt.de/print/wams/wirtschaft/article124228415/Das-ist-ein-Sterben-auf-Raten.html}
}

@MISC{Yelp14,
  author = {Yelp},
  title = {Yelp Web Presence},
  howpublished = {Website},
  month = {1},
  year = {2014},
  owner = {Michael},
  timestamp = {2014.03.16},
  url = {http://www.yelp.de/}
}

@ARTICLE{svngit,
  owner = {moellers},
  timestamp = {2014.03.16},
  url = {http://biz30.timedoctor.com/git-mecurial-and-cvs-comparison-of-svn-software/},
  urldate = {23.02.2014 um 18:05 Uhr}
}

